<record><leader>00000cas a22000007a 4500</leader><controlfield tag="001">10312144</controlfield><controlfield tag="008">840118d18631882njuwr ne      0    0eng d</controlfield><datafield ind1=" " ind2=" " tag="010"><subfield code="a">sn 84026165 </subfield></datafield><datafield ind1=" " ind2=" " tag="040"><subfield code="a">NPU</subfield><subfield code="b">eng</subfield><subfield code="c">NPU</subfield><subfield code="d">NPX</subfield><subfield code="d">NPA</subfield><subfield code="d">NJW</subfield><subfield code="d">NYG</subfield><subfield code="d">MGN</subfield><subfield code="d">OCL</subfield><subfield code="d">OCLCQ</subfield></datafield><datafield ind1=" " ind2=" " tag="042"><subfield code="a">msc</subfield></datafield><datafield ind1="0" ind2="0" tag="245"><subfield code="a">Somerset unionist.</subfield></datafield><datafield ind1=" " ind2=" " tag="260"><subfield code="a">Somerville, N.J. :</subfield><subfield code="b">Daniel Porter</subfield></datafield><datafield ind1=" " ind2=" " tag="300"><subfield code="a">v.</subfield></datafield><datafield ind1=" " ind2=" " tag="310"><subfield code="a">Weekly</subfield></datafield><datafield ind1="1" ind2=" " tag="362"><subfield code="a">Began Mar. 5, 1863; ceased Mar. 26, 1882.</subfield></datafield><datafield ind1=" " ind2=" " tag="500"><subfield code="a">Editors: E.F. Stewart, 1865- ; Daniel Porter, 1866-&lt;1876&gt;.</subfield></datafield><datafield ind1=" " ind2=" " tag="500"><subfield code="a">Republican. Cf. Rowell, 1869.</subfield></datafield><datafield ind1=" " ind2=" " tag="515"><subfield code="a">Apr. 20, 1865- also called whole no. 1605-</subfield></datafield><datafield ind1=" " ind2=" " tag="525"><subfield code="a">Supplements accompany some issues.</subfield></datafield><datafield ind1=" " ind2=" " tag="530"><subfield code="a">Also issued on microfilm as part of the Civil War newspapers collection.</subfield></datafield><datafield ind1=" " ind2=" " tag="588"><subfield code="a">Description based on: New ser., vol. 3, no. 8 (Apr. 20, 1865).</subfield></datafield><datafield ind1="1" ind2=" " tag="700"><subfield code="a">Stewart, E. F.</subfield></datafield><datafield ind1=" " ind2=" " tag="752"><subfield code="a">United States</subfield><subfield code="b">New Jersey</subfield><subfield code="c">Somerset</subfield><subfield code="d">Somerville.</subfield></datafield><datafield ind1="0" ind2="4" tag="780"><subfield code="t">Somerset Whig</subfield><subfield code="w">(DLC)sn 84026262</subfield><subfield code="w">(OCoLC)10362416</subfield></datafield><datafield ind1="0" ind2="4" tag="780"><subfield code="t">Somerset County news</subfield><subfield code="w">(DLC)sn 87068195</subfield><subfield code="w">(OCoLC)16273789</subfield></datafield><datafield ind1="0" ind2="7" tag="785"><subfield code="t">Somerset gazette</subfield><subfield code="w">(DLC)sn 84026170</subfield><subfield code="w">(OCoLC)10314831</subfield></datafield><datafield ind1="0" ind2="7" tag="785"><subfield code="t">Unionist-gazette</subfield><subfield code="w">(DLC)sn 84020537</subfield><subfield code="w">(OCoLC)11108735</subfield></datafield><datafield ind1="1" ind2=" " tag="029"><subfield code="a">AU@</subfield><subfield code="b">000020411843</subfield></datafield></record>